% Encoding: windows-1252

@Book{Dennis2014,
  title     = {An{\'a}lise e Projeto de Sistemas},
  publisher = {LTC},
  year      = {2014},
  author    = {Alan Dennis and Barbara Haley Wixom and Roberta M. Roth},
  address   = {Rio de Janeiro},
  edition   = {5},
  owner     = {Prof. Ausberto S. Castro V.},
  timestamp = {23.08.2015},
}

@Book{Engholm2013,
  Title                    = {An{\'a}lise e Design Orientados a Objetos},
  Author                   = {H{\'e}lio {Engholm Jr.}},
  Publisher                = {Novatec},
  Year                     = {2013},

  Owner                    = {Prof. Ausberto S. Castro V.},
  Timestamp                = {23.08.2015}
}

@Book{Gane1983,
  Title                    = {An{\'a}lise Estruturada de Sistemas},
  Author                   = {Chris Gane and Trish Sarson},
  Publisher                = {Livros T{\'e}cnicos e Cient{\'\i}ficos Editora Ltda.},
  Year                     = {1983},

  Address                  = {Rio de Janeiro},

  Owner                    = {Prof. Ausberto S. Castro V.},
  Timestamp                = {23.08.2015}
}

@Book{Satzinger2012,
  Title                    = {Introduction to Systems Analysis and Design: An Agile, Iterative Approach},
  Author                   = {John W. Satzinger and Robert B. Jackson and Stephen D. Burd},
  Publisher                = {Course Technology, CENGAGE Learning},
  Year                     = {2012},

  Owner                    = {Prof. Ausberto S. Castro V.},
  Timestamp                = {23.08.2015}
}

@Book{Shelly2012,
  Title                    = {Analysis and Design for Systems},
  Author                   = {Gary B. Shelly and Harry J. Rosenblat},
  Publisher                = {Course Technology, CENGAGE Learning},
  Year                     = {2012},
  Edition                  = {9},

  Owner                    = {Prof. Ausberto S. Castro V.},
  Timestamp                = {23.08.2015}
}

@Book{Sommerville2011,
  Title                    = {Engenharia de Software},
  Author                   = {Ian Sommerville},
  Publisher                = {Pearson Prentice Hall},
  Year                     = {2011},

  Address                  = {S{\~a}o Paulo},
  Edition                  = {9},

  Owner                    = {Prof. Ausberto S. Castro V.},
  Timestamp                = {23.08.2015}
}

@Comment{jabref-meta: databaseType:bibtex;}
